@book{Gropp:beowulf,
	Address = {Massachusetts},
	Author = {William Gropp and Ewing Lusk and Thomas Sterling},
	Edition = {2nd},
	Publisher = {The MIT Press},
	Title = {Beowulf Cluster Computing with Linux},
	Year = {2003}}

@article{Gropp:96,
	Author = {William Gropp and Ewing Lusk and Nathan Doss and Anthony Skjellum},
	Journal = {Parallel computing},
	Number = {6},
	Pages = {789-828},
	Title = {A high-performance, portable implementation of the MPI message passing interface standard},
	Volume = {22},
	Year = {1996}}

@article{dagum:98,
	Author = {Dagum, Leonardo and Menon, Ramesh},
	Journal = {IEEE Computational Science \& Engineering},
	Number = {1},
	Pages = {46--55},
	Title = {OpenMP: An industry standard API for shared-memory programming},
	Volume = {5},
	Year = {1998}}

@article{jin2011high,
	Author = {Jin, Haoqiang and Jespersen, Dennis and Mehrotra, Piyush and Biswas, Rupak and Huang, Lei and Chapman, Barbara},
	Journal = {Parallel Computing},
	Number = {9},
	Pages = {562--575},
	Title = {High performance computing using MPI and OpenMP on multi-core parallel systems},
	Volume = {37},
	Year = {2011}}

@book{chapman08,
	Author = {Chapman, Barbara and Jost, Gabriele and Van Der Pas, Ruud},
	Publisher = {MIT press},
	Title = {Using OpenMP: portable shared memory parallel programming},
	Volume = {10},
	Year = {2008}}

@misc{Murphy:03,
	Address = {Dublin},
	Author = {Roderick Murphy},
	Howpublished = {\url{https://computing.llnl.gov/tutorials/parallel_comp/}},
	Month = {October},
	Title = {A Generic Parallel Genetic Algorithm},
	Year = {2003}}

@article{Cao2013,
	Author = {Cao, Kai and Ye, Xinyue},
	Doi = {10.1007/s00477-012-0649-y},
	Issn = {1436-3259},
	Journal = {Stochastic Environmental Research and Risk Assessment},
	Number = {5},
	Pages = {1133--1142},
	Title = {Coarse-grained parallel genetic algorithm applied to a vector based land use allocation optimization problem: the case study of Tongzhou Newtown, Beijing, China},
	Url = {http://dx.doi.org/10.1007/s00477-012-0649-y},
	Volume = {27},
	Year = {2013}}

@inbook{Akl2009,
	Address = {London},
	Author = {Akl, Selim G. and Nagy, Marius},
	Booktitle = {Parallel Computing: Numerics, Applications, and Trends},
	Pages = {43-80},
	Publisher = {Springer London},
	Title = {Introduction to Parallel Computation},
	Year = {2009}}

@misc{Barney:16,
	Author = {Barney, B.},
	Howpublished = {[online] available: \url{https://computing.llnl.gov/tutorials/parallel_comp/}},
	Note = {[accessed: 4 October, 2016]},
	Title = {Introduction to Parallel Computing},
	Year = {2016}}

@misc{Barney:16-openmp,
	Author = {Barney, B.},
	Howpublished = {[online] available: \url{https://computing.llnl.gov/tutorials/openMP/}},
	Note = {[accessed: 4 October 2016]},
	Title = {OpenMP},
	Year = {2016}}

@book{Goldberg:89,
	Address = {Massachusetts},
	Author = {Goldberg, David E.},
	Publisher = {Addison-Wesley},
	Title = {Genetic Algorithms in Search, Optimization, and Machine Learning},
	Year = {1989}}

@book{Gropp:99,
	Address = {Massachusetts},
	Author = {William Gropp and Ewing Lusk and Anthony Skjellum},
	Publisher = {The MIT Press},
	Title = {Using MPI: Portable Parallel Programming with the Message-Passing Interface},
	Year = {1999}}

@book{Sterling:99,
	Address = {Massachusetts},
	Author = {Sterling, T. L. and Salmon, J. and Becker, D. J. and Savarese , D. F.},
	Publisher = {The MIT Press},
	Title = {How to Build a Beowulf: A Guide to the Implementation and Application of PC Clusters},
	Year = {1999}}

@misc{A1:fork-join,
	Author = {{Wikipedia user: A1}},
	Howpublished = {[online] available: \url{https://en.wikipedia.org/wiki/File:Fork_join.svg}},
	Note = {[accessed: December 21, 2016]},
	Title = {Illustration of the fork-join model of parallel programming.},
	Year = {2007}}

@misc{Richard:12,
	Author = {Gerber, Richard},
	Howpublished = {[online] available: \url{https://software.intel.com/en-us/articles/getting-started-with-openmp}},
	Note = {[accessed: 13 November 2016]},
	Title = {Getting Started with OpenMP},
	Year = {2012}}

@misc{Barney:16-mpi,
	Author = {Barney, Blaise},
	Howpublished = {[online] available: \url{https://computing.llnl.gov/tutorials/mpi/}},
	Note = {[accessed: 23 November 2016]},
	Title = {Message Passing Interface (MPI)},
	Year = {2016}}

@misc{mpi-forum:type-match,
	Author = {Mpi-forum.org},
	Howpublished = {[online] available: \url{http://mpi-forum.org/docs/mpi-1.1/mpi-11-html/node37.html}},
	Note = {[accessed: 28 December 2016]},
	Title = {MPI: A Message-Passing Interface Standard - Type matching rules},
	Year = {1995}}

@article{Thiru:05,
	Author = {G. K. Thiruvathukal},
	Doi = {10.1109/MCSE.2005.33},
	Issn = {1521-9615},
	Journal = {Computing in Science Engineering},
	Month = {March},
	Number = {2},
	Pages = {11-13},
	Title = {Guest Editors' Introduction: Cluster Computing},
	Volume = {7},
	Year = {2005}}

@misc{Beowulf.org,
	Author = {Beowulf.org},
	Howpublished = {[online] available: \url{http://www.beowulf.org/overview/faq.html }},
	Note = {[accessed: 28 December 2016]},
	Title = {Beowulf Project Overview},
	Year = {2016}}

@misc{Beowulf:img,
	Author = {Atom.me.gatech.edu},
	Howpublished = {[image online] available: \url{http://atom.me.gatech.edu/scyld-doc/users-guide/images/NetTopSimple.png}},
	Note = {[accessed: 2 January 2017]},
	Title = {Basic Beowulf cluster},
	Year = {2016}}

@misc{Top500:cluster,
	Author = {Top500.org},
	Howpublished = {[online] available: \url{https://www.top500.org/statistics/list/}},
	Note = {[accessed: 2 January 2017]},
	Title = {List Statistics | TOP500 Supercomputer Sites},
	Year = {2017}}

@misc{Obitko:98,
	Author = {Marek Obitko},
	Howpublished = {[online] available: \url{http://www.obitko.com/tutorials/genetic-algorithms/ga-basic-description.php}},
	Note = {[accessed: 2 January 2017]},
	Title = {Genetic Algorithm Description - Introduction to Genetic Algorithms},
	Year = {1998}}

@article{pit:95,
	Author = {Pit, Laurens Jan},
	Journal = {Department of Computer Science, Master Thesis, Leiden University, Holanda},
	Title = {Parallel genetic algorithms},
	Year = {1995}}

@article{cantu:98,
	Author = {Cant{\'u}-Paz, Erick},
	Journal = {Calculateurs paralleles, reseaux et systems repartis},
	Number = {2},
	Pages = {141--171},
	Title = {A survey of parallel genetic algorithms},
	Volume = {10},
	Year = {1998}}

@article{luque:05,
	Author = {Luque, Gabriel and Alba, Enrique and Dorronsoro, Bernab{\'e}},
	Journal = {Parallel metaheuristics: A new class of algorithms},
	Pages = {107--126},
	Title = {Parallel genetic algorithms},
	Year = {2005}}

@misc{tutp.com:98ga,
	Author = {Tutorialspoint.com},
	Howpublished = {[online] available: \url{https://www.tutorialspoint.com/genetic_algorithms/index.htm}},
	Note = {[accessed: 2 January 2017]},
	Title = {Genetic Algorithms},
	Year = {2017}}

@misc{Sutter:05,
author = {Herb Sutter},
title = {The Free Lunch Is Over: A Fundamental Turn Toward Concurrency in Software},
howpublished = {[online] available: \url{http://www.gotw.ca/publications/concurrency-ddj.htm}},
month = {},
year = {2005},
note = {[accessed: 28 December 2016]}
}

@misc{Gregory:94,
author = {Wilson Gregory},
title = {The History of the Development of Parallel Computing},
howpublished = {[online] available: \url{http://ei.cs.vt.edu/~history/Parallel.html}},
month = {},
year = {1994},
note = {[accessed: 2 January 2017]}
}

@misc{llnl:17,
author = {},
title = {Lawrence Livermore National Laboratory |},
howpublished = {[online] available: \url{https://www.llnl.gov/}},
month = {},
year = {},
note = {[accessed: 2 January 2017]}
}

@article{schutte:04,
  title={Parallel global optimization with the particle swarm algorithm},
  author={Schutte, Jaco F and Reinbolt, Jeffrey A and Fregly, Benjamin J and Haftka, Raphael T and George, Alan D},
  journal={International journal for numerical methods in engineering},
  volume={61},
  number={13},
  pages={2296},
  year={2004}
}

@misc{squyresoompi,
  title={Object Oriented MPI (OOMPI): A C++ Class Library for MPI Version 1.0. 3},
  author={Squyres, Jeffrey M and Willcock, Jeremiah J and McCandless, Brian C and Rijks, Peter W and Lumsdaine, Andrew},
  year={1996}
}

@misc{rtc_amdals:online,
author = {{RTC Magazine}},
title = {Using OpenCL for Network Acceleration | RTC Magazine},
howpublished = {[online] available: \url{http://rtcmagazine.com/articles/view/103209}},
month = {},
year = {2013},
note = {(Accessed on 03/12/2016)}
}

@article{gustafson:88,
  title={Reevaluating Amdahl's law},
  author={Gustafson, John L},
  journal={Communications of the ACM},
  volume={31},
  number={5},
  pages={532--533},
  year={1988}
}

@misc{mpi-forum:16,
	Author = {{Mpi-forum.org}},
	Howpublished = {[online] available: \url{http://mpi-forum.org/}},
	Note = {[accessed: 28 December 2016]},
	Title = {MPI: A Message-Passing Interface Standard - Type matching rules},
	Year = {2016}}
	
@misc{Dartmouth:mpi,
author = {{Dartmouth College}},
title = {Pros and Cons of OpenMP and MPI},
howpublished = {[online] available: \url{https://www.dartmouth.edu/~rc/classes/intro_mpi/parallel_prog_compare.html}},
month = {},
year = {2011},
note = {[accessed: 28 December 2016]}
}

@book{michalewicz:96,
 author = {Michalewicz, Zbigniew},
 title = {Genetic Algorithms + Data Structures = Evolution Programs (3rd Ed.)},
 year = {1996},
 isbn = {3-540-60676-9},
 publisher = {Springer-Verlag},
 address = {London, UK, UK}
 }
 
@misc{Burkardt:17,
author = {John Burkardt},
title = {https://people.sc.fsu.edu/\textasciitilde{}jburkardt/cpp\_src/simple\_ga/simple\_ga.cpp},
howpublished = {\url{https://people.sc.fsu.edu/~jburkardt/cpp_src/simple_ga/simple_ga.cpp}},
month = {},
year = {2017},
note = {(Accessed on 28/01/2017)}
}

@article{whitley1996evaluating,
  title={Evaluating evolutionary algorithms},
  author={Whitley, Darrell and Rana, Soraya and Dzubera, John and Mathias, Keith E},
  journal={Artificial intelligence},
  volume={85},
  number={1},
  pages={245--276},
  year={1996}
}

@inproceedings{konfrst:04para,
  title={Parallel genetic algorithms: Advances, computing trends, applications and perspectives},
  author={Konfrst, Zdenek},
  booktitle={Parallel and Distributed Processing Symposium, 2004. Proceedings. 18th International},
  pages={162},
  year={2004},
  organization={IEEE}
}
@article{kim2003leakage,
  title={Leakage current: Moore's law meets static power},
  author={Kim, Nam Sung and Austin, Todd and Baauw, David and Mudge, Trevor and Flautner, Kriszti{\'a}n and Hu, Jie S and Irwin, Mary Jane and Kandemir, Mahmut and Narayanan, Vijaykrishnan},
  journal={computer},
  volume={36},
  number={12},
  pages={68--75},
  year={2003},
  publisher={IEEE}
}
@article{schaller1997moore,
  title={Moore's law: past, present and future},
  author={Schaller, Robert R},
  journal={IEEE spectrum},
  volume={34},
  number={6},
  pages={52--59},
  year={1997},
  publisher={IEEE}
}

@article{sutter2005software,
  title={Software and the concurrency revolution},
  author={Sutter, Herb and Larus, James},
  journal={Queue},
  volume={3},
  number={7},
  pages={54--62},
  year={2005},
  publisher={ACM}
}

@misc{Perkowski:10,
author = {Marek Andrzej Perkowski},
title = {Introduction to Parallel Programming},
howpublished = {[online] available: \url{http://web.cecs.pdx.edu/~mperkows/CLASS_VHDL_99/050.Introduction-to-Parallel-Computing.pdf}},
year = {2010},
note = {[accessed: 28 December 2016]}
}

@book{cox1979theoretical,
  title={Theoretical statistics},
  author={Cox, David Roxbee and Hinkley, David Victor},
  year={1979},
  pages={49, 209},
  publisher={CRC Press}
}

@incollection{eaton2015,
  title={Introduction},
  author={Eaton, Malachy},
  booktitle={Evolutionary Humanoid Robotics},
  pages={1--7},
  year={2015},
  publisher={Springer}
}





