@Inbook{Akl2009,
author="Akl, Selim G.
and Nagy, Marius",
editor="Trobec, Roman
and Vajter{\v{s}}ic, Mari{\'a}n
and Zinterhof, Peter",
title="Introduction to Parallel Computation",
bookTitle="Parallel Computing: Numerics, Applications, and Trends",
year="2009",
publisher="Springer London",
address="London",
pages="43--80",
isbn="978-1-84882-409-6",
doi="10.1007/978-1-84882-409-6_2",
url="http://dx.doi.org/10.1007/978-1-84882-409-6_2"
}

